<record><leader>00000cas a22000007a 4500</leader><controlfield tag="001">22502523</controlfield><controlfield tag="008">901012d19uu19uumnuwr ne      0    0eng d</controlfield><datafield ind1=" " ind2=" " tag="010"><subfield code="a">sn 90059980 </subfield></datafield><datafield ind1=" " ind2=" " tag="040"><subfield code="a">MN#</subfield><subfield code="b">eng</subfield><subfield code="c">MN#</subfield><subfield code="d">OCLCQ</subfield></datafield><datafield ind1=" " ind2=" " tag="042"><subfield code="a">msc</subfield></datafield><datafield ind1=" " ind2=" " tag="043"><subfield code="a">n-us-mn</subfield></datafield><datafield ind1=" " ind2=" " tag="052"><subfield code="a">4144</subfield><subfield code="b">M5:2S5</subfield></datafield><datafield ind1="0" ind2="0" tag="245"><subfield code="a">Insight's Lake Street news.</subfield></datafield><datafield ind1="1" ind2="3" tag="246"><subfield code="a">Insight news</subfield></datafield><datafield ind1="1" ind2="7" tag="246"><subfield code="a">Insight</subfield></datafield><datafield ind1=" " ind2=" " tag="260"><subfield code="a">Minneapolis, Minn. :</subfield><subfield code="b">Insight Communication</subfield></datafield><datafield ind1=" " ind2=" " tag="300"><subfield code="a">v.</subfield></datafield><datafield ind1=" " ind2=" " tag="310"><subfield code="a">Weekly</subfield></datafield><datafield ind1=" " ind2=" " tag="521"><subfield code="a">Serving greater South Minneapolis.</subfield></datafield><datafield ind1=" " ind2=" " tag="588"><subfield code="a">Description based on: Vol. 8, no. 22 (June 1-7, 1981).</subfield></datafield><datafield ind1=" " ind2="0" tag="651"><subfield code="a">South Minneapolis (Minneapolis, Minn.)</subfield><subfield code="v">Periodicals.</subfield></datafield><datafield ind1=" " ind2=" " tag="752"><subfield code="a">United States</subfield><subfield code="b">Minnesota</subfield><subfield code="c">Hennepin</subfield><subfield code="d">Minneapolis.</subfield></datafield><datafield ind1="1" ind2=" " tag="029"><subfield code="a">AU@</subfield><subfield code="b">000025899209</subfield></datafield></record>